<?xml version="1.0" encoding="UTF-8"?><collection xmlns="http://www.loc.gov/MARC21/slim"><record><leader>00484nam--2200181-i-4500</leader><controlfield tag="001">000036623</controlfield><controlfield tag="002">20161230</controlfield><controlfield tag="005">20170115224521</controlfield><controlfield tag="008">060222s1000------------r-----000-0-rum-d</controlfield><datafield ind1=" " ind2=" " tag="040"><subfield code="a">IFIN-HH</subfield></datafield><datafield ind1=" " ind2=" " tag="041"><subfield code="a">rum</subfield></datafield><datafield ind1=" " ind2=" " tag="080"><subfield code="a">532.517.2</subfield></datafield><datafield ind1="1" ind2=" " tag="100"><subfield code="a">Pop, Ioan I</subfield></datafield><datafield ind1="1" ind2="0" tag="245"><subfield code="a">Teoria stretului limita laminar nestationar</subfield><subfield code="b">Rezultate si metode</subfield><subfield code="c">Ioan Pop</subfield></datafield><datafield ind1=" " ind2=" " tag="260"><subfield code="a">Editura Stiintifica Si Enciclopedica</subfield><subfield code="c">1983</subfield></datafield><datafield ind1=" " ind2=" " tag="300"><subfield code="a">333 p</subfield></datafield><datafield ind1=" " ind2=" " tag="852"><subfield code="a">71640</subfield><subfield code="c">532</subfield></datafield><datafield ind1=" " ind2=" " tag="CAT"><subfield code="a">SYS</subfield><subfield code="c">20170115</subfield><subfield code="h">224521</subfield></datafield></record></collection>